<record><leader>00000cas a22000007a 4500</leader><controlfield tag="001">14768673</controlfield><controlfield tag="008">861119d19101912inucr ne      0    0eng d</controlfield><datafield ind1=" " ind2=" " tag="010"><subfield code="a">sn 86058968 </subfield></datafield><datafield ind1=" " ind2=" " tag="040"><subfield code="a">NPI</subfield><subfield code="b">eng</subfield><subfield code="c">NPI</subfield><subfield code="d">OCLCQ</subfield></datafield><datafield ind1=" " ind2=" " tag="042"><subfield code="a">msc</subfield></datafield><datafield ind1="0" ind2=" " tag="130"><subfield code="a">Clintonian (Clinton, Ind.)</subfield></datafield><datafield ind1="1" ind2="4" tag="245"><subfield code="a">The Clintonian.</subfield></datafield><datafield ind1=" " ind2=" " tag="260"><subfield code="a">Clinton, Ind. :</subfield><subfield code="b">[J.W. Pierce],</subfield><subfield code="c">1910-1912.</subfield></datafield><datafield ind1=" " ind2=" " tag="310"><subfield code="a">Semiweekly</subfield></datafield><datafield ind1="0" ind2=" " tag="362"><subfield code="a">Vol. [22], no. [16] (Sept. 27, 1910)-v. 24, no. [73] (Oct. 29, 1912).</subfield></datafield><datafield ind1=" " ind2=" " tag="500"><subfield code="a">Sept. 27, 1910 and Oct. 29, 1912 issue numbers illegible.</subfield></datafield><datafield ind1=" " ind2=" " tag="752"><subfield code="a">United States</subfield><subfield code="b">Indiana</subfield><subfield code="c">Vermillion</subfield><subfield code="d">Clinton.</subfield></datafield><datafield ind1="0" ind2="0" tag="780"><subfield code="t">Weekly Clintonian (Clinton, Ind. : 1901)</subfield><subfield code="w">(DLC)sn 86058967</subfield></datafield><datafield ind1="0" ind2="0" tag="785"><subfield code="t">Daily Clintonian</subfield><subfield code="w">(DLC)sn 86058969</subfield></datafield></record>